@inproceedings{inaba,
 author = {Inaba, Mary and Katoh, Naoki and Imai, Hiroshi},
 title = {Applications of Weighted Voronoi Diagrams and Randomization to Variance-based K-clustering: (Extended Abstract)},
 booktitle = {Proceedings of the Tenth Annual Symposium on Computational Geometry},
 series = {SCG '94},
 year = {1994},
 isbn = {0-89791-648-4},
 location = {Stony Brook, New York, USA},
 pages = {332--339},
 numpages = {8},
 url = {http://doi.acm.org/10.1145/177424.178042},
 doi = {10.1145/177424.178042},
 acmid = {178042},
 publisher = {ACM},
 address = {New York, NY, USA},
} 



@article{jks,
 author = {Jaiswal, Ragesh and Kumar, Amit and Sen, Sandeep},
 title = {A Simple {$D^2$}-Sampling Based {PTAS} for $k$-Means and Other Clustering Problems},
 journal = {Algorithmica},
 issue_date = {September 2014},
 volume = {70},
 number = {1},
 month = sep,
 year = {2014},
 issn = {0178-4617},
 pages = {22--46},
 numpages = {25},
 url = {http://dx.doi.org/10.1007/s00453-013-9833-9},
 doi = {10.1007/s00453-013-9833-9},
 acmid = {2644757},
 publisher = {Springer-Verlag New York, Inc.},
 address = {Secaucus, NJ, USA},
 keywords = {PTAS, Sampling, k-Means clustering, k-Median},
} 


@ELECTRONIC{birch,
  author = {},
  title = {Birch Datasets},
  language = {English},
  howpublished = {\url{http://cs.joensuu.fi/sipu/datasets/}},
}

@ELECTRONIC{mnist,
  author = {Yann LeCun and Corinna Cortes and Christopher J.C. Burges},
  title = {The {MNIST} Database of Handwritten digits},
  language = {English},
  howpublished = {\url{http://yann.lecun.com/exdb/mnist/}},
}


@techreport{das08,
author = {Sanjoy Dasgupta},
title = {The hardness of $k$-means clustering},
institution = {Department of Computer Science and Engineering, University of California San Diego},
number = {CS2008-0916},
year = {2008},
}

@techreport{cifar,
author = {Alex Krizhevsky},
title = {Learning Multiple Layers of Features from Tiny Images},
institution = {University of Toronto},
howpublished = {\url{http://www.cs.toronto.edu/~kriz/cifar.html}},
year = {2009},
}

@inproceedings{KanungoMNPSW02,
  author    = {Tapas Kanungo and
               David M. Mount and
               Nathan S. Netanyahu and
               Christine D. Piatko and
               Ruth Silverman and
               Angela Y. Wu},
  title     = {A local search approximation algorithm for $k$-means clustering},
  booktitle = {Proc. 18th Annual Symposium on Computational Geometry},
  year      = {2002},
  pages     = {10-18},
  ee        = {http://doi.acm.org/10.1145/513400.513402}
}

@article{charikar02,
title = "A Constant-Factor Approximation Algorithm for the $k$-Median Problem ",
journal = "Journal of Computer and System Sciences ",
volume = "65",
number = "1",
pages = "129 - 149",
year = "2002",
note = "",
issn = "0022-0000",
doi = "http://dx.doi.org/10.1006/jcss.2002.1882",
url = "http://www.sciencedirect.com/science/article/pii/S0022000002918829",
author = "Moses Charikar and Sudipto Guha and Ã‰va Tardos and David B. Shmoys"
}

@inproceedings{av07,
  author    = {David Arthur and
               Sergei Vassilvitskii},
  title     = {$k$-means++: the advantages of careful seeding},
  booktitle = {ACM-SIAM Symposium on Discrete Algorithms},
  year      = {2007},
  pages     = {1027-1035},
  ee        = {http://doi.acm.org/10.1145/1283383.1283494},
  bibsource = {DBLP, http://dblp.uni-trier.de}
}

@INPROCEEDINGS{3D, 
author={Kaul, M. and Bin Yang and Jensen, C.S.}, 
booktitle={Mobile Data Management (MDM), 2013 IEEE 14th International Conference on}, 
title={Building Accurate 3{D} Spatial Networks to Enable Next Generation Intelligent Transportation Systems}, 
year={2013}, 
month={June}, 
volume={1}, 
pages={137-146}, 
keywords={automated highways;ecology;filtering theory;geographic information systems;geophysical image processing;interpolation;remote sensing;solid modelling;vehicle routing;3D spatial network model;TIN surface;aerial laser scan data;eco-routing;elevation information;environmental impact;external-memory filtering technique;internal memory;interpolation;laser scan point;lifting framework;next generation intelligent transportation system;scalability properties;triangulated irregular network;vehicle routing;Accuracy;Biological system modeling;Laser modes;Roads;Solid modeling;Vehicles;3D spatial network;LiDAR;TIN;eco-routing}, 
doi={10.1109/MDM.2013.24},}


@article{bahmani,
 author = {Bahmani, Bahman and Moseley, Benjamin and Vattani, Andrea and Kumar, Ravi and Vassilvitskii, Sergei},
 title = {Scalable K-means++},
 journal = {Proc. VLDB Endow.},
 issue_date = {March 2012},
 volume = {5},
 number = {7},
 month = mar,
 year = {2012},
 issn = {2150-8097},
 pages = {622--633},
 numpages = {12},
 url = {http://dx.doi.org/10.14778/2180912.2180915},
 doi = {10.14778/2180912.2180915},
 acmid = {2180915},
 publisher = {VLDB Endowment},
} 



